
@ARTICLE{Spar,
  AUTHOR    = "Kees van Reeuwijk and Arjan J. C. van Gemund and Henk J. Sips",
  TITLE     = "{Spar}: A programming language for semi-automatic compilation
               of parallel programs",
  JOURNAL   = "Concurrency: Practice and Experience",
  VOLUME    = "9",
  NUMBER    = "11",
  PAGES     = "1193-1205",
  YEAR      = "1997"
}

@BOOK{ScaLAPACK,
  TITLE     = "{ScaLAPACK} User's Guide",
  AUTHOR    = "L. S. Blackford and J. Choi and A. Cleary and E. D'Azevedo
               and J. Demmel and I. Dhillon and J. Dongarra and
               S. Hammarling and G. Henry and A. Petitet and K. Stanley and
               D. Walker and R. C. Whaley",
  PUBLISHER = "SIAM",
  YEAR      = 1997
}

@ARTICLE{CHAOS,
  AUTHOR    = "R. Das and M. Uysal and J.H. Salz and Y.-S. Hwang",
  TITLE     = "Communication Optimizations for Irregular Scientific
               Computations on Distributed Memory Architectures",
  JOURNAL   = "Journal of Parallel and Distributed Computing",
  VOLUME    = "22",
  NUMBER    = "3",
  PAGES     = "462-479",
  MONTH     = Sep,
  YEAR      = "1994"
}

@ARTICLE{Global_Arrays,
  AUTHOR    = "J. Nieplocha and R.J. Harrison and R.J. Littlefield",
  TITLE     = "The {Global Array}: Non-Uniform-Memory-Access Programming Model
               for High-Performance Computers",
  JOURNAL   = "The Journal of Supercomputing",
  VOLUME    = "10",
  PAGES     = "197-220",
  YEAR      = "1996"
}

@INCOLLECTION{HDDA_DAGH,
  AUTHOR    = "Manish Parashar and J.C. Browne",
  TITLE     = "Systems Engineering for High Performance Computing Software:
               The {HDDA/DAGH} Infrastructure for Implementation of Parallel
               Structured Adaptive Mesh",
  BOOKTITLE = "Structured Adaptive Mesh Refinement Grid Methods",
  SERIES    = "IMA Volumes in Mathematics and its Applications",
  PUBLISHER = "Springer-Verlag"
}

@MANUAL{NPAC_PCRC_kernel,
  TITLE     = "{NPAC} {PCRC} Runtime Kernel Definition",
  AUTHOR    = "Bryan Carpenter and Guansong Zhang and Yuhong Wen",
  YEAR      = 1997,
  NOTE      = "In preparation.  For current draft, see
               http://www.npac.syr.edu/projects/pcrc/July97/doc.html"
}

@ARTICLE{Experiments_HPJava,
  AUTHOR    = "Bryan Carpenter and Yuh-Jye Chang and Geoffrey Fox and
               Donald Leskiw and Xiaoming Li",
  TITLE     = "Experiments with {HPJava}",
  JOURNAL   = "Concurrency: Practice and Experience",
  VOLUME    = "9",
  NUMBER    = "6",
  PAGES     = "633",
  YEAR      = "1997"
}

@INPROCEEDINGS{PCRC_based,
  AUTHOR    = "Guansong Zhang and Bryan Carpenter and Geoffrey Fox and
               Xiaoming Li and Xinying Li and Yuhong Wen",
  TITLE     = "{PCRC}-based {HPF} Compilation",
  BOOKTITLE = "10th International Workshop on Languages and Compilers for Parallel Computing",
  YEAR      = 1997,
  NOTE      = "To appear in Lecture Notes in Computer Science"
}

@INPROCEEDINGS{Common_runtime,
  AUTHOR    = "Parallel Compiler Runtime Consortium",
  TITLE     = "Common Runtime Support for High-Performance Parallel Languages",
  BOOKTITLE = "Supercomputing `93",
  PUBLISHER = "IEEE Computer Society Press",
  YEAR      = 1993
}

@TECHREPORT{ZPL,
  AUTHOR    = "Lawrence Snyder",
  TITLE     = "A {ZPL} Programming Guide",
  INSTITUTION = "University of Washington",
  MONTH     = May,
  YEAR      = 1997,
  NOTE      = "URL: http://www.cs.washington.edu/research/projects/zpl/"
}

@UNPUBLISHED{JavaAd,
  AUTHOR    = "Bryan Carpenter and Guansong Zhang and Geoffrey Fox and
               Xinying Li and Yuhong Wen",
  TITLE     = "Introduction to {Java-Ad}",
  NOTE      = "URL: http://www.npac.syr.edu/projects/pcrc/July97/doc.html"
}

@UNPUBLISHED{JavaMPI,
  AUTHOR    = "Bryan Carpenter and Geoffrey Fox and
               Xinying Li and Guansong Zhang",
  TITLE     = "A Draft {Java} Binding for {MPI}",
  NOTE      = "URL: http://www.npac.syr.edu/projects/pcrc/July97/doc.html"
}

