@ARTICLE{Zha96,
  AUTHOR    = "Guansong Zhang and Xiaoming Li",
  TITLE     = "{Barrier} {Synchronization} and {Pipeline} {Synchronization} in Data Parallel Processing",
  JOURNAL   = "Chinese Science Bulletin",
  VOLUME    = "41",
  NUMBER    = "2",
  PAGES     = "181-186",
  MONTH     = Jan,
  YEAR      = 1996
}

@INPROCEEDINGS{Nik99,
  AUTHOR    = "Dimitrios S. Nikolopoulos and 
               Theodore S. Papatheodorou",
  TITLE     = "A Quantitative Architectural Evaluation of Synchronization Algorithms and 
               Disciplines on {ccNUMA} Systems: The Case of the {SGI} {Origin2000}",
  MONTH     = Jun,
  YEAR      = 1999
}

@ARTICLE{Mel91,
  AUTHOR    = "John M. Mellor-Crummey and Michael L. Scott",
  TITLE     = "Algorithms for Scalable Synchronization on Shared-Memory Multiprocessors",
  JOURNAL   = "ACM Trans. on Computer Systems",
  VOLUME    = "9",
  NUMBER    = "1",
  PAGES     = "21-65",
  MONTH     = Feb,
  YEAR      = 1991
}

@TECHREPORT{Ste01,
  TITLE     = "The {POWER4} processor introduction and tuning guide",
  AUTHOR    = "Steve Behling et al.",
  MONTH     = Nov,
  YEAR      = 2001,
  INSTITUTION = "International Technical Support Organization",
  NUMBER    = "SG24-7041-00",
  NOTE      = "ISBN 0738423556"
}

@TECHREPORT{Ste98,
  TITLE     = "{RS/6000} Scientific and Technical Computing: {POWER3} Introduction and Tuning Guide",
  AUTHOR    = "Stefan Andersson et al.",
  MONTH     = Oct,
  YEAR      = 1998,
  INSTITUTION = "International Technical Support Organization",
  NUMBER    = "SG24-5155-00"
}



Stefan Andersson et al.


@ARTICLE{IBM92,
  AUTHOR    = "IBM Technical Disclosure Bulletin",
  TITLE     = "Barrier {Synchronization} {Using} {Fetch-and-Add} and {Broadcast}",
  VOLUME    = "34",
  NUMBER    = "8",
  PAGES     = "33-34",
  YEAR      = 1992
}

@MISC{Ope00,
  TITLE     = "{OpenMP} specification {FORTRAN} Version 2.0",
  AUTHOR    = "OpenMP Architecture Review Board",
  YEAR      =  2000,
  NOTE      = "http://www.openmp.org"
}

@MISC{Ope02,
  TITLE     = "{OpenMP} specification {C/C++} Version 2.0",
  AUTHOR    = "OpenMP Architecture Review Board",
  YEAR      =  2002,
  NOTE      = "http://www.openmp.org"
}

@MISC{Edi99,
  TITLE     = "{OpenMP} microbenchmarks",
  AUTHOR    = "Edinburgh Parallel Computing Center",
  YEAR      =  1999,
  NOTE      = "http://www.epcc.ed.ac.uk/research/openmpbench"
}

@MISC{Spe01,
  TITLE     = "{SPECOMP2001} benchmarks",
  AUTHOR    = "Standard Performance Evaluation Corporation",
  NOTE      = "http://www.spec.org/omp2001"
}

@MISC{Kre01,
  TITLE     = "Method of synchronization",
  AUTHOR    = "Rainer Kreuzburg",
  YEAR      =  2001,
  NOTE      = "United {States} {Patent}, {No.} {US} 6,330,619"
}

@INPROCEEDINGS{Bul99,
  AUTHOR    = "J. M. Bull",
  TITLE     = "Measuring Synchronization and Scheduling Overheads in {OpenMP}",
  BOOKTITLE = "First European Workshop on OpenMP",
  MONTH     = Oct,
  YEAR      = 1999
}

@TECHREPORT{Car98,
  TITLE     = "{NPAC} {PCRC} Runtime Kernel Definition",
  AUTHOR    = "Bryan Carpenter and Guansong Zhang and Yuhong Wen",
  YEAR      = 1997,
  INSTITUTION = "Center for Research on Parallel Computation",
  NUMBER    = "CRPC-TR97726",
  NOTE      = "Up-to-date version maintained at
               http://www.npac.syr.edu/projects/pcrc/doc"
}

@MISC{MPI94,
  TITLE     = "{MPI}: A Message-Passing Interface Standard",
  AUTHOR    = "Message Passing Interface Forum",
  YEAR      = 1994
}

@ARTICLE{Sun90,
  AUTHOR    = "V.S. Sunderam",
  TITLE     = "{PVM}:  A Framework for Parallel Distributed Computing",
  JOURNAL   = "Concurrency, Practice and Experience",
  VOLUME    = "2",
  NUMBER    = "4",
  PAGES     = "315-339",
  MONTH     = Dec,
  YEAR      = 1990
}

@INPROCEEDINGS{ Kri95,
    author = "Arvind Krishnamurthy and Katherine A. Yelick",
    title = "Optimizing Parallel Programs with Explicit Synchronization",
    BOOKTITLE = "{SIGPLAN} Conference on Programming Language Design and Implementation",
    pages = "196-204",
    year = "1995"
}
