@MISC{Ope08,
  TITLE     = "OpenMP Application Program Interface Version 3.0, public review",
  AUTHOR    = "OpenMP Architecture Review Board",
  YEAR      =  2008,
  NOTE      = "http://www.openmp.org"
}

@inproceedings{Zha04,
  AUTHOR    = "Guansong Zhang and Raul Silvera and Roch Archambault",
  title     = "{Structure and algorithm for implementing OpenMP workshare}",
  booktitle = {WOMPAT},
  publisher = {Springer},
  series    = {Lecture Notes in Computer Science},
  year      = {2004},
}

@INPROCEEDINGS{Br07,
  AUTHOR    = "Kevin O.Brien and Kathryn O.Brien and Zehra Sura and Tong Chen and Tao Zhang",
  TITLE     = "Supporting OpenMP on Cell",
  BOOKTITLE = "International Workshop on OpenMP (IWOMP)",
  YEAR      = 2007
}

@MISC{Ope05,
  TITLE     = "OpenMP Application Program Interface Version 2.5",
  AUTHOR    = "OpenMP Architecture Review Board",
  YEAR      =  2005,
  NOTE      = "http://www.openmp.org"
}


@INPROCEEDINGS{AE03,
  AUTHOR    = "A. E. et al.",
  TITLE     = "Vectorization for SIMD architecture with Alignment Constraints",
  BOOKTITLE = "Conference on Programming Language Design and Implementation (PLDI)",
  YEAR      = 2003
}

@ARTICLE{Kis06,
  AUTHOR    = "M. Kistler and M. Perrone and F. Petrini",
  TITLE     = "CELL multiprocessor communication net-work: Built for Speed",
  JOURNAL   = "IEEE Micro",
  VOLUME    = "26(3)",
  MONTH     = May/June,
  YEAR      = 2006
}

@INPROCEEDINGS{Wil06,
  AUTHOR    = "Samuel Williams. et al.",
  TITLE     = "The Potential of the Cell Processor for Scientific Computing.",
  BOOKTITLE = "Conference on Computing Frontiers",
  YEAR      = 2006
}


@INPROCEEDINGS{MG06,
  AUTHOR    = "M. Gordon. et al.",
  TITLE     = "Exploiting Coarse-Grained Task, Data, and Pipeline Parallelism in Stream Programs",
  BOOKTITLE = "International Conference on Architectural Support for Programming Languages and Operating Systems (ASPLOS)", 
  MONTH     = Oct,
  YEAR      = 2006
}


@INPROCEEDINGS{DP05,
  AUTHOR    = "D. P. et al.",
  TITLE     = "The design and implementation of a first-generation CELL processr.",
  BOOKTITLE = "IEEE International Solid-State Circuites Conference (ISSCC)",
  MONTH     = Feb,
  YEAR      = 2005 
}


@ARTICLE{Zha96,
  AUTHOR    = "Guansong Zhang and Xiaoming Li",
  TITLE     = "{Barrier} {Synchronization} and {Pipeline} {Synchronization} in Data Parallel Processing",
  JOURNAL   = "Chinese Science Bulletin",
  VOLUME    = "41",
  NUMBER    = "2",
  PAGES     = "181-186",
  MONTH     = Jan,
  YEAR      = 1996
}

@INPROCEEDINGS{Nik99,
  AUTHOR    = "Dimitrios S. Nikolopoulos and 
               Theodore S. Papatheodorou",
  TITLE     = "A Quantitative Architectural Evaluation of Synchronization Algorithms and 
               Disciplines on {ccNUMA} Systems: The Case of the {SGI} {Origin2000}",
  MONTH     = Jun,
  YEAR      = 1999
}

@ARTICLE{Mel91,
  AUTHOR    = "John M. Mellor-Crummey and Michael L. Scott",
  TITLE     = "Algorithms for Scalable Synchronization on Shared-Memory Multiprocessors",
  JOURNAL   = "ACM Trans. on Computer Systems",
  VOLUME    = "9",
  NUMBER    = "1",
  PAGES     = "21-65",
  MONTH     = Feb,
  YEAR      = 1991
}

@TECHREPORT{Ste01,
  TITLE     = "The {POWER4} processor introduction and tuning guide",
  AUTHOR    = "Steve Behling et al.",
  MONTH     = Nov,
  YEAR      = 2001,
  INSTITUTION = "International Technical Support Organization",
  NUMBER    = "SG24-7041-00",
  NOTE      = "ISBN 0738423556"
}
  
@ARTICLE{IBM92,
  AUTHOR    = "IBM Technical Disclosure Bulletin",
  TITLE     = "Barrier {Synchronization} {Using} {Fetch-and-Add} and {Broadcast}",
  VOLUME    = "34",
  NUMBER    = "8",
  PAGES     = "33-34",
  YEAR      = 1992
}

@MISC{Ope00,
  TITLE     = "OpenMP specification {FORTRAN} Version 2.0",
  AUTHOR    = "OpenMP Architecture Review Board",
  YEAR      =  2000,
  NOTE      = "http://www.openmp.org"
}

@MISC{Ope02,
  TITLE     = "OpenMP specification {C/C++} Version 2.0",
  AUTHOR    = "OpenMP Architecture Review Board",
  YEAR      =  2002,
  NOTE      = "http://www.openmp.org"
}

@MISC{Edi99,
  TITLE     = "OpenMP microbenchmarks",
  AUTHOR    = "Edinburgh Parallel Computing Center",
  NOTE      = "http://www.epcc.ed.ac.uk/research/openmpbench"
}

@MISC{Spe01,
  TITLE     = "{SPECOMP2001} benchmarks",
  AUTHOR    = "Standard Performance Evaluation Corporation",
  NOTE      = "http://www.spec.org/omp2001"
}

@MISC{Kre01,
  TITLE     = "Method of synchronization",
  AUTHOR    = "Rainer Kreuzburg",
  YEAR      =  2001,
  NOTE      = "United {States} {Patent}, {No.} {US} 6,330,619"
}

@BOOK{Cha01,
  TITLE     = "Parallel programming in {OpenMP}",
  AUTHOR    = "Rohit Chandra et al.",
  YEAR      =  2001,
  PUBLISHER = "Morgan Kaufmann Publishers"
}

@BOOK{But97,
  TITLE     = "Programming with {POSIX} threads",
  AUTHOR    = "David R. Butenhof",
  YEAR      =  1997,
  PUBLISHER = "Addison-wesley"
}

@INPROCEEDINGS{Bul99,
  AUTHOR    = "J. M. Bull",
  TITLE     = "Measuring Synchronization and Scheduling Overheads in {OpenMP}",
  BOOKTITLE = "First European Workshop on OpenMP",
  MONTH     = Oct,
  YEAR      = 1999
}

@TECHREPORT{Car98,
  TITLE     = "{NPAC} {PCRC} Runtime Kernel Definition",
  AUTHOR    = "Bryan Carpenter and Guansong Zhang and Yuhong Wen",
  YEAR      = 1997,
  INSTITUTION = "Center for Research on Parallel Computation",
  NUMBER    = "CRPC-TR97726",
  NOTE      = "Up-to-date version maintained at
               http://www.npac.syr.edu/projects/pcrc/doc"
}

@proceedings{Wom03,
  editor    = {Michael Voss},
  title     = {OpenMP Shared Memory Parallel Programming, International Workshop
               on OpenMP Applications and Tools, WOMPAT 2003, Toronto, Canada,
               June 26-27, 2003, Proceedings},
  booktitle = {WOMPAT},
  publisher = {Springer},
  series    = {Lecture Notes in Computer Science},
  volume    = {2716},
  year      = {2003},
  isbn      = {3-540-40435-X},
  bibsource = {DBLP, http://dblp.uni-trier.de}
}

@inproceedings{Zha03,
  AUTHOR    = "Guansong Zhang et al.",
  title     = {Busy-wait Barrier Synchronization with Distributed counter and local sensor},
  editor    = {Michael Voss},
  booktitle = {WOMPAT},
  publisher = {Springer},
  pages     = {84-99},
  series    = {Lecture Notes in Computer Science},
  volume    = {2716},
  year      = {2003},  
  isbn      = {3-540-40435-X},
  bibsource = {DBLP, http://dblp.uni-trier.de}
}

