@BOOK{Ban88,
  TITLE     = "Dependence {Analysis} for {Supercomputing}",
  AUTHOR    = "U. Banerjee",
  YEAR      =  1988,
  PUBLISHER = "Boston MA: Kluwer"
}

@BOOK{Zim90,
  TITLE     = "Supercompilers for {Parallel} and {Vector} {Computers}",
  AUTHOR    = "Hans Zima and Barbara Chapman",
  YEAR      =  1990,
  PUBLISHER = "Addison-wesley"
}

@ARTICLE{Mel91,
  AUTHOR    = "John M. Mellor-Crummey and Michael L. Scott",
  TITLE     = "Algorithms for Scalable Synchronization on Shared-Memory Multiprocessors",
  JOURNAL   = "ACM Trans. on Computer Systems",
  VOLUME    = "9",
  NUMBER    = "1",
  PAGES     = "21-65",
  MONTH     = Feb,
  YEAR      = 1991
}

@ARTICLE{Mic91,
  AUTHOR    = "Michael E. Wolf and Monica S. Lam",
  TITLE     = "A Loop Transformation Theory and an Algorithm to Maximize Parallelism",
  JOURNAL   = "IEEE Transactions on Parallel and Distributed Systems",
  VOLUME    = "2",
  NUMBER    = "4",
  PAGES     = "452-471",
  MONTH     = October,
  YEAR      = 1991
}

@inproceedings{Ban90,
                author = "U. Banerjee",
                title = "Unimodular Transformations of Double Loops",
                booktitle = "Proc. of the 3rd Workshop on Programming Languages and
                                Compilers for Parallel Computing",
                month = aug,
                year = 1990,
                address = "Irvine, CA" }

@ARTICLE{Lam91,
  AUTHOR    = "Michael E. Wolf and Monica S. Lam",
  TITLE     = "A data locality optimizing algorithm",
  JOURNAL   = "ACM SIGPLAN'91 Conference on Programming Language Design and Implementation",
  YEAR      = 1991
}

@ARTICLE{IBM92,
  AUTHOR    = "IBM Technical Disclosure Bulletin",
  TITLE     = "Barrier Synchronization Using Fetch-and-Add and Broadcast",
  VOLUME    = "34",
  NUMBER    = "8",
  PAGES     = "33-34",
  YEAR      = 1992
}

@BOOK{Koe93,
  TITLE     = "The High Performance Fortran Handbook",
  AUTHOR    = "Charles H. Koelbel and David B. Loveman and Robert S. Schreiber",
  YEAR      =  1993,
  PUBLISHER = "MIT Press"
}

@ARTICLE{Mck96,
  AUTHOR    = "K.S.Mckinley and S.Carr and C.-W Tseng",
  TITLE     = "Improving data locality with loop transformations.",
  JOURNAL   = "ACM Trans. on {Programming} {Language} and {Systems}",
  VOLUME    = "18",
  NUMBER    = "4",
  MONTH     = July,
  YEAR      = 1996
}

@ARTICLE{Zha96,
  AUTHOR    = "Guansong Zhang and Xiaoming Li",
  TITLE     = "Barrier Synchronization and Pipeline Synchronization in Data Parallel Processing",
  JOURNAL   = "Chinese Science Bulletin",
  VOLUME    = "41",
  NUMBER    = "2",
  PAGES     = "181-186",
  MONTH     = Jan,
  YEAR      = 1996
}

@BOOK{Pac96,
  TITLE     = "Parallel Programming with MPI",
  AUTHOR    = "Peter Pacheco",
  YEAR      =  1996,
  PUBLISHER = "Morgan Kaufmann"
}

@BOOK{But97,
  TITLE     = "Programming with {POSIX} threads",
  AUTHOR    = "David R. Butenhof",
  YEAR      =  1997,
  PUBLISHER = "Addison-wesley"
}

@TECHREPORT{Car98,
  TITLE     = "{NPAC} {PCRC} Runtime Kernel Definition",
  AUTHOR    = "Bryan Carpenter and Guansong Zhang and Yuhong Wen",
  YEAR      = 1997,
  INSTITUTION = "Center for Research on Parallel Computation",
  NUMBER    = "CRPC-TR97726",
  NOTE      = "Up-to-date version maintained at
               http://www.npac.syr.edu/projects/pcrc/doc"
}

@INPROCEEDINGS{Bul99,
  AUTHOR    = "J. M. Bull",
  TITLE     = "Measuring Synchronization and Scheduling Overheads in {OpenMP}",
  BOOKTITLE = "First European Workshop on OpenMP",
  MONTH     = Oct,
  YEAR      = 1999
}

@MISC{Edi99,
  TITLE     = "OpenMP microbenchmarks",
  AUTHOR    = "Edinburgh Parallel Computing Center",
  NOTE      = "http://www.epcc.ed.ac.uk/research/openmpbench"
}
  
@INPROCEEDINGS{Nik99,
  AUTHOR    = "Dimitrios S. Nikolopoulos and 
               Theodore S. Papatheodorou",
  TITLE     = "A Quantitative Architectural Evaluation of Synchronization Algorithms and 
               Disciplines on {ccNUMA} Systems: The Case of the {SGI} {Origin2000}",
  MONTH     = Jun,
  YEAR      = 1999
}

@MISC{Ope00,
  TITLE     = "OpenMP specification {FORTRAN} Version 2.0",
  AUTHOR    = "OpenMP Architecture Review Board",
  YEAR      =  2000,
  NOTE      = "http://www.openmp.org"
}

@BOOK{Cha01,
  TITLE     = "Parallel programming in {OpenMP}",
  AUTHOR    = "Rohit Chandra et al.",
  YEAR      =  2001,
  PUBLISHER = "Morgan Kaufmann Publishers"
}

@MISC{Kre01,
  TITLE     = "Method of synchronization",
  AUTHOR    = "Rainer Kreuzburg",
  YEAR      =  2001,
  NOTE      = "United {States} {Patent}, {No.} {US} 6,330,619"
}

@MISC{Spe01,
  TITLE     = "{SPECOMP2001} benchmarks",
  AUTHOR    = "Standard Performance Evaluation Corporation",
  NOTE      = "http://www.spec.org/omp2001"
}

@TECHREPORT{Ste01,
  TITLE     = "The {POWER4} processor introduction and tuning guide",
  AUTHOR    = "Steve Behling et al.",
  MONTH     = Nov,
  YEAR      = 2001,
  INSTITUTION = "International Technical Support Organization",
  NUMBER    = "SG24-7041-00",
  NOTE      = "ISBN 0738423556"
}

@BOOK{All02,
  TITLE     = "Optimizing compilers for modern architectures",
  AUTHOR    = "Randy Allen and Ken Kennedy",
  YEAR      =  2002,
  PUBLISHER = "Morgan Kaufmann Publishers"
}

@MISC{Ope02,
  TITLE     = "OpenMP specification {C/C++} Version 2.0",
  AUTHOR    = "OpenMP Architecture Review Board",
  YEAR      =  2002,
  NOTE      = "http://www.openmp.org"
}

@MISC{ElG03,
  TITLE     = "UPC Language Specification (V 1.1.1)",
  AUTHOR    = "Tarek A. El-Ghazawi and William W. Carlson and Jesse M. Draper",
  YEAR      =  2003,
  NOTE      = "http://upc.gwu.edu"
}


@inproceedings{Zha04,
  AUTHOR    = "Guansong Zhang and Raul Silvera and Roch Archambault",
  title     = "{Structure and algorithm for implementing OpenMP workshare}",
  booktitle = {WOMPAT},
  publisher = {Springer},
  series    = {Lecture Notes in Computer Science},
  year      = {2004},
}

@inproceedings{Nan03,
  AUTHOR    = "Sagnik Nandy and Xiaofeng Gao and Jeanne Ferrante",
  title     = "{TFP: Time-sensitive, Flow-specific Profiling at Runtime}",
  booktitle = {LCPC 2003},
  series    = {16th Workshop on Languages and Compilers for Parallel Computing},
  year      = 2003
}

@inproceedings{Cohn99,
  AUTHOR    = "Robert Cohn and P. Geoffrey Lowney",
  title     = "{Feedback directed optimization in Compaq's compilation tools for Alpha}",
  series    = {2nd ACM Workshop on Feedback-Directed Optimization},
  year      = 1999
}

@inproceedings{Sch98,
  AUTHOR    = "W. J. Schmidt et. al",
  title     = "{Profile-directed restructuring of operating system code}",
  booktitle = {IBM Systems Journal, 37(2)},
  year      = 1998
}

