

@ARTICLE{HPFStandard,
  AUTHOR    = "High Performance Fortran Forum",
  TITLE     = "{High} {Performance} {Fortran} Language Specification",
  JOURNAL   = "Scientific Programming",
  VOLUME    = "special issue, 2",
  YEAR      = 1993,
}
  
@MISC{HPF96,
  AUTHOR    = "High Performance Fortran Forum",
  TITLE     = "{High} {Performance} {Fortran} Language Specification,
               Version 2.0",
  MONTH     = Jan,
  YEAR      = 1997,
  NOTE      = "http://www.crpc.rice.edu/HPFF/hpf2"
}

@INPROCEEDINGS{Zha97,
  AUTHOR    = "Guansong Zhang and Bryan Carpenter and Geoffrey Fox and
               Xiaoming Li and Xinying Li and Yuhong Wen",
  TITLE     = "{PCRC}-based {HPF} Compilation",
  BOOKTITLE = "10th International Workshop on Languages and Compilers for
               Parallel Computing",
  YEAR      = 1997,
  NOTE      = "To appear in Lecture Notes in Computer Science"
}

  
@UNPUBLISHED{Car97,
  AUTHOR    = "Bryan Carpenter and Guansong Zhang and Geoffrey Fox and
               Xinying Li and Yuhong Wen",
  TITLE     = "Introduction to {Java-Ad}",
  NOTE      = "http://www.npac.syr.edu/projects/pcrc/doc"
}

@TECHREPORT{Car98,
  TITLE     = "{NPAC} {PCRC} Runtime Kernel Definition",
  AUTHOR    = "Bryan Carpenter and Guansong Zhang and Yuhong Wen",
  YEAR      = 1997,
  INSTITUTION = "Center for Research on Parallel Computation",
  NUMBER    = "CRPC-TR97726",
  NOTE      = "Up-to-date version maintained at
               http://www.npac.syr.edu/projects/pcrc"
}

@ARTICLE{Das94,
  AUTHOR    = "R. Das and M. Uysal and J.H. Salz and Y.-S. Hwang",
  TITLE     = "Communication Optimizations for Irregular Scientific
               Computations on Distributed Memory Architectures",
  JOURNAL   = "Journal of Parallel and Distributed Computing",
  VOLUME    = "22",
  NUMBER    = "3",
  PAGES     = "462-479",
  MONTH     = Sep,
  YEAR      = "1994"
}

@ARTICLE{Nie96,
  AUTHOR    = "J. Nieplocha and R.J. Harrison and R.J. Littlefield",
  TITLE     = "The {Global Array}: Non-Uniform-Memory-Access Programming Model
               for High-Performance Computers",
  JOURNAL   = "The Journal of Supercomputing",
  VOLUME    = "10",
  PAGES     = "197-220",
  YEAR      = "1996"
}

@INPROCEEDINGS{Zha98,
  AUTHOR    = "Guansong Zhang and Bryan Carpenter and Geoffrey Fox and
               Xinying Li and Yuhong Wen",
  TITLE     = "Considerations in {HPJava} language design and implementation",
  BOOKTITLE = "11th International Workshop on Languages and Compilers for
               Parallel Computing",
  YEAR      = 1998,
  NOTE      = "To appear in Lecture Notes in Computer Science"
}

@PROCEEDINGS{Java98,
  TITLE     = "{ACM} 1998 Workshop on {Java} for High-Performance
               Network Computing",
  EDITOR    = "Geoffrey C. Fox",
  MONTH     = Feb,
  YEAR      = 1998,
  NOTE      = "To appear in Concurrency: Practice and Experience."
}

@MANUAL{MPIStandard,
  AUTHOR    = "Message Passing Interface Forum",
  TITLE     = "{MPI}: A Message-Passing Interface Standard",
  ORGANIZATION = "University of Tenessee",
  ADDRESS   = "Knoxville, TN",
  MONTH     = Jun,
  YEAR      = 1995,
  NOTE      = "http://www.mcs.anl.gov/mpi"
}

@BOOK{Fortran90,
  AUTHOR    = "Jeanne C. Adams and Walter S. Brainerd and Jeanne T. Martin and
               Brian T. Smith and Jerrold L. Wagener",
  TITLE     = "Fortran 90 Handbook",
  PUBLISHER = "McGraw-Hill",
  YEAR      = 1992
}

@TECHREPORT{ZPL,
  AUTHOR    = "Lawrence Snyder",
  TITLE     = "A {ZPL} Programming Guide",
  INSTITUTION = "University of Washington",
  MONTH     = May,
  YEAR      = 1997,
  NOTE      = "http://www.cs.washington.edu/research/projects/zpl/"
}

@ARTICLE{Spar,
  AUTHOR    = "Kees van Reeuwijk and Arjan J. C. van Gemund and Henk J. Sips",
  TITLE     = "{Spar}: A programming language for semi-automatic compilation
               of parallel programs",
  JOURNAL   = "Concurrency: Practice and Experience",
  VOLUME    = "9",
  NUMBER    = "11",
  PAGES     = "1193-1205",
  YEAR      = "1997"
}
