
%
%  $Description: Sample bibliography$ 
% 
%  $Author: dbc $ 
%  $Date: 1999-01-25 19:08:15 $
%  $Revision: 1.2 $
%

@INPROCEEDINGS{Common_runtime,
  AUTHOR    = "{Parallel Compiler Runtime Consortium}",
  TITLE     = "Common Runtime Support for High-Performance Parallel Languages",
  BOOKTITLE = "Supercomputing `93",
  PUBLISHER = "IEEE Computer Society Press",
  YEAR      = 1993
}


@ARTICLE{HPFStandard,
  AUTHOR    = "{High Performance Fortran Forum}",
  TITLE     = "{High} {Performance} {Fortran} Language Specification",
  JOURNAL   = "Scientific Programming",
  VOLUME    = "special issue, 2",
  YEAR      = 1993,
}

@TECHREPORT{ZPL,
  AUTHOR    = "Lawrence Snyder",
  TITLE     = "A {ZPL} Programming Guide",
  INSTITUTION = "University of Washington",
  MONTH     = May,
  YEAR      = 1997,
  NOTE      = "http://www.cs.washington.edu/research/projects/zpl/"
}

@MANUAL{JavaAd,
  TITLE     = "Introduction to Java-Ad",
  AUTHOR    = "Bryan Carpenter and Guansong Zhang and  Geoffrey Fox and  Xinying Li and  Yuhong Wen",
  YEAR      = 1997,
  NOTE      = "http://www.npac.syr.edu/projects/pcrc/doc"
}

@MANUAL{AdPP,
  TITLE     = "Programming in {ad++}",
  AUTHOR    = "Bryan Carpenter",
  YEAR      = 1998,
  NOTE      = "http://www.npac.syr.edu/projects/pcrc/doc"
}

@TECHREPORT{NPAC_PCRC_kernel,
  TITLE     = "{NPAC} {PCRC} Runtime Kernel Definition",
  AUTHOR    = "Bryan Carpenter and Guansong Zhang and Yuhong Wen",
  YEAR      = 1997,
  INSTITUTION = "Center for Research on Parallel Computation",
  NUMBER    = "CRPC-TR97726",
  NOTE      = "Up-to-date version maintained at
               http://www.npac.syr.edu/projects/pcrc/doc"
}

@ARTICLE{shpf,
  AUTHOR    = "John Merlin and Bryan Carpenter and Tony Hey",
  TITLE     = "{shpf}: a Subset {High Performance Fortran} compilation system",
  JOURNAL   = "Fortran Journal",
  PAGES     = "2--6",
  MONTH     = Mar,
  YEAR      = "1996"
}

@ARTICLE{FMM,
  AUTHOR    = "R.W. Numrich and J.L. Steidel",
  TITLE     = "{F--}: A simple parallel extension to {Fortran 90}",
  JOURNAL   = "SIAM News",
  PAGES     = "30",
  YEAR      = "1997"
}

@INPROCEEDINGS{PCRC_based,
  AUTHOR    = "Guansong Zhang and Bryan Carpenter and Geoffrey Fox and
               Xiaoming Li and Xinying Li and Yuhong Wen",
  TITLE     = "{PCRC}-based {HPF} Compilation",
  BOOKTITLE = "10th International Workshop on Languages and Compilers for Parallel Computing",
  YEAR      = 1997,
  NOTE      = "To appear in Lecture Notes in Computer Science"
}

@ARTICLE{CHAOS,
  AUTHOR    = "R. Das and M. Uysal and J.H. Salz and Y.-S. Hwang",
  TITLE     = "Communication Optimizations for Irregular Scientific
               Computations on Distributed Memory Architectures",
  JOURNAL   = "Journal of Parallel and Distributed Computing",
  VOLUME    = "22",
  NUMBER    = "3",
  PAGES     = "462-479",
  MONTH     = Sep,
  YEAR      = "1994"
}

@ARTICLE{structured,
  AUTHOR    = "A. Agrawal and A. Sussman and J. Saltz",
  TITLE     = "An integrated runtime and compile-time approach for
               parallelizing structured and block structured applications",
  JOURNAL   = "IEEE Transactions on Parallel and Distributed Systems",
  VOLUME    = "6",
  YEAR      = 1995
}

@ARTICLE{irregular,
  AUTHOR    = "Ravi Ponnusamy and Yuan-Shin Hwang and Raja Das and
               Joel H. Saltz and Alok Choudhary and Geoffrey Fox",
  TITLE     = "Supporting Irregular Distributions Using
               Data-Parallel Languages",
  JOURNAL   = "IEEE Parallel and Distributed Technology",
  VOLUME    = "Spring",
  YEAR      = 1995
}

@ARTICLE{Value_based,
  AUTHOR    = "Reinhard von Hanxleden and Ken Kennedy and Joel Saltz",
  TITLE     = "Value-based Distributions and Alignments in FORTRAN D",
  JOURNAL   = "Journal of Programming Languages",
  VOLUME    = "Special Issue on Compiling and Run-Time Issues for
               Distributed Address Space Machines",
  MONTH     = Sep,
  YEAR      = 1994
}

@INPROCEEDINGS{LPARX,
  AUTHOR    = "Scott R. Kohn and Scott B. Baden",
  TITLE     = "A Robust Parallel Programming Model for Dynamic Non-Uniform
               Scientific Computations",
  BOOKTITLE = "Proceedings of the 1994 Scalable High Performance
               Computing Conference",
  MONTH     = Mar,
  YEAR      = 1994,
}

@INPROCEEDINGS{Block_structured,
  AUTHOR    = "Stephen J. Fink and Scott B. Baden",
  TITLE     = "Run-time Data Distribution for Block-Structured Applications on
               Distributed Memory Computers",
  BOOKTITLE = "Proceedings of the 7th SIAM Conference on Parallel Processing
               for Scientific Computing",
  MONTH     = Feb,
  YEAR      = 1995
}

@ARTICLE{Global_Arrays,
  AUTHOR    = "J. Nieplocha and R.J. Harrison and R.J. Littlefield",
  TITLE     = "The {Global Array}: Non-Uniform-Memory-Access Programming Model
               for High-Performance Computers",
  JOURNAL   = "The Journal of Supercomputing",
  VOLUME    = "10",
  PAGES     = "197-220",
  YEAR      = "1996"
}

