
  
@MISC{HPF96,
  AUTHOR    = "High Performance Fortran Forum",
  TITLE     = "{High} {Performance} {Fortran} Language Specification,
               Version 2.0",
  MONTH     = Jan,
  YEAR      = 1997,
  NOTE      = "http://www.crpc.rice.edu/HPFF/hpf2"
}

@INPROCEEDINGS{Zha97,
  AUTHOR    = "Guansong Zhang and Bryan Carpenter and Geoffrey Fox and
               Xiaoming Li and Xinying Li and Yuhong Wen",
  TITLE     = "{PCRC}-based {HPF} Compilation",
  BOOKTITLE = "10th International Workshop on Languages and Compilers for
               Parallel Computing",
  YEAR      = 1997,
  NOTE      = "To appear in Lecture Notes in Computer Science"
}

  
@UNPUBLISHED{Car97,
  AUTHOR    = "Bryan Carpenter and Guansong Zhang and Geoffrey Fox and
               Xinying Li and Yuhong Wen",
  TITLE     = "Introduction to {Java-Ad}",
  NOTE      = "http://www.npac.syr.edu/projects/pcrc/doc"
}

@TECHREPORT{Car98,
  TITLE     = "{NPAC} {PCRC} Runtime Kernel Definition",
  AUTHOR    = "Bryan Carpenter and Guansong Zhang and Yuhong Wen",
  YEAR      = 1997,
  INSTITUTION = "Center for Research on Parallel Computation",
  NUMBER    = "CRPC-TR97726",
  NOTE      = "Up-to-date version maintained at
               http://www.npac.syr.edu/projects/pcrc/doc"
}

@ARTICLE{Das94,
  AUTHOR    = "R. Das and M. Uysal and J.H. Salz and Y.-S. Hwang",
  TITLE     = "Communication Optimizations for Irregular Scientific
               Computations on Distributed Memory Architectures",
  JOURNAL   = "Journal of Parallel and Distributed Computing",
  VOLUME    = "22",
  NUMBER    = "3",
  PAGES     = "462-479",
  MONTH     = Sep,
  YEAR      = "1994"
}

@ARTICLE{Nie96,
  AUTHOR    = "J. Nieplocha and R.J. Harrison and R.J. Littlefield",
  TITLE     = "The {Global Array}: Non-Uniform-Memory-Access Programming Model
               for High-Performance Computers",
  JOURNAL   = "The Journal of Supercomputing",
  VOLUME    = "10",
  PAGES     = "197-220",
  YEAR      = "1996"
}

